<record><leader>00000cas a22000007a 4500</leader><controlfield tag="001">19722002</controlfield><controlfield tag="008">890517d19211927iduwr ne      0    0eng d</controlfield><datafield ind1=" " ind2=" " tag="010"><subfield code="a">sn 89055134 </subfield></datafield><datafield ind1=" " ind2=" " tag="040"><subfield code="a">NVB</subfield><subfield code="b">eng</subfield><subfield code="c">NVB</subfield><subfield code="d">OCLCQ</subfield><subfield code="d">OCLCF</subfield><subfield code="d">OCLCO</subfield></datafield><datafield ind1=" " ind2=" " tag="042"><subfield code="a">msc</subfield></datafield><datafield ind1=" " ind2=" " tag="043"><subfield code="a">n-us-id</subfield></datafield><datafield ind1="0" ind2="0" tag="245"><subfield code="a">Weekly times-news-miner.</subfield></datafield><datafield ind1=" " ind2=" " tag="260"><subfield code="a">Hailey, Idaho :</subfield><subfield code="b">Wood River Pub. Co.</subfield></datafield><datafield ind1=" " ind2=" " tag="300"><subfield code="a">v.</subfield></datafield><datafield ind1=" " ind2=" " tag="310"><subfield code="a">Weekly</subfield></datafield><datafield ind1="0" ind2=" " tag="362"><subfield code="a">Old vol. 41, no. 1 (Jan. 7, 1921)-old v. 41, no. 24 (June 17, 1921) = new v. 3, no. 1-new v. 1, no. 24.</subfield></datafield><datafield ind1=" " ind2="0" tag="651"><subfield code="a">Hailey (Idaho)</subfield><subfield code="v">Newspapers.</subfield></datafield><datafield ind1=" " ind2="7" tag="655"><subfield code="a">Newspapers.</subfield><subfield code="2">fast</subfield><subfield code="0">(OCoLC)fst01423814</subfield></datafield><datafield ind1=" " ind2="7" tag="651"><subfield code="a">Idaho</subfield><subfield code="z">Hailey.</subfield><subfield code="2">fast</subfield><subfield code="0">(OCoLC)fst01223629</subfield></datafield><datafield ind1=" " ind2=" " tag="752"><subfield code="a">United States</subfield><subfield code="b">Idaho</subfield><subfield code="c">Blaine</subfield><subfield code="d">Hailey.</subfield></datafield><datafield ind1="0" ind2="0" tag="780"><subfield code="t">Wood River times-news-miner</subfield></datafield><datafield ind1="0" ind2="0" tag="785"><subfield code="t">Times-news-miner</subfield><subfield code="w">(DLC)sn 89055136</subfield></datafield></record>